<mx:record xmlns="http://www.w3.org/TR/xhtml1/strict" xmlns:mx="http://www.loc.gov/MARC21/slim" xmlns:xsi="http://www.w3.org/2001/XMLSchema-instance"><mx:leader>00000cz   2200000n  0000</mx:leader><mx:controlfield tag="001">oca03859111 </mx:controlfield><mx:controlfield tag="005">20001103070352.0</mx:controlfield><mx:controlfield tag="008">950615n| acannaabn          |a aaa     c</mx:controlfield><mx:datafield ind1=" " ind2=" " tag="010"><mx:subfield code="a">nr 95022297</mx:subfield></mx:datafield><mx:datafield ind1=" " ind2=" " tag="040"><mx:subfield code="a">NNC</mx:subfield><mx:subfield code="b">eng</mx:subfield><mx:subfield code="c">NNC</mx:subfield><mx:subfield code="d">OCoLC</mx:subfield></mx:datafield><mx:datafield ind1="1" ind2=" " tag="100"><mx:subfield code="a">Symmachus, L. Aurelius Avianus,</mx:subfield><mx:subfield code="d">d. ca. 376</mx:subfield></mx:datafield><mx:datafield ind1="1" ind2=" " tag="400"><mx:subfield code="a">Symmachus Phosphorius, L. Aurelius Avianus,</mx:subfield><mx:subfield code="d">d. ca. 376</mx:subfield></mx:datafield><mx:datafield ind1=" " ind2=" " tag="670"><mx:subfield code="a">His Carmina [CF] 1991:</mx:subfield><mx:subfield code="b">PHI CD ROM #5.3, Latin Canon, bibliographic screen (L. Aurelius Avianus Symmachus)</mx:subfield></mx:datafield><mx:datafield ind1=" " ind2=" " tag="670"><mx:subfield code="a">Pauly-Wissowa:</mx:subfield><mx:subfield code="b">2. Reihe, 7. Halbbd., col. 1142-1144; &amp;#034;Symmachus&amp;#034;, #14 (L. Aurelius Avianus Symmachus; also cited as L. Aurelius Avianus Symmachus Phosphorius; died approximately 376)</mx:subfield></mx:datafield><mx:datafield ind1=" " ind2=" " tag="670"><mx:subfield code="a">A Dictionary of Greek and Roman biography and mythology, 1967:</mx:subfield><mx:subfield code="b">v. 3, p. 959; &amp;#034;Symmachus&amp;#034;, #2 (L. Aurelius Avianus Symmachus)</mx:subfield></mx:datafield><mx:datafield ind1=" " ind2=" " tag="675"><mx:subfield code="a">NUC pre-56;</mx:subfield><mx:subfield code="a">Oxford class. dict.</mx:subfield></mx:datafield></mx:record>